@article{Gentry_computing_arb_func_enc_data,
 author = {Gentry, Craig},
 title = {Computing Arbitrary Functions of Encrypted Data},
 journal = {Commun. ACM},
 year = {2010},
 issn = {0001-0782},
 pages = {pp. 97--105},
 numpages = {9}
}

@article{rivest1978data,
  title = {On {D}ata {B}anks and {P}rivacy {H}omomorphisms},
  author = {Rivest, Ronald L and Adleman, Len and Dertouzos, Michael L},
  year = {1978},
  pages = {pp. 169--180},
  journal = {Foundations of Secure Computation}
}

@incollection{Merkle,
year={1988},
isbn={978-3-540-18796-7},
booktitle={Advances in Cryptology — CRYPTO ’87},
title={A {D}igital {S}ignature {B}ased on a {C}onventional {E}ncryption {F}unction},
author={Merkle, Ralph C.},
pages={369-378},
}

@inproceedings{CryptDB_Main_Paper,
 author = {Popa, Raluca Ada and Redfield, Catherine M. S. and Zeldovich, Nickolai and Balakrishnan, Hari},
 title = {{C}rypt{DB}: Protecting {C}onfidentiality with {E}ncrypted {Q}uery {P}rocessing},
 booktitle = {Proceedings of the Twenty-Third ACM Symposium on Operating Systems Principles},
 year = {2011},
 isbn = {978-1-4503-0977-6},
 pages = {85--100},
}

@inproceedings{CryptDB_OPE_Encoding,
 author = {Popa, Raluca Ada and Li, Frank H. and Zeldovich, Nickolai},
 title = {An Ideal-Security Protocol for Order-Preserving Encoding},
 booktitle = {Proceedings of the 2013 IEEE Symposium on Security and Privacy},
 year = {2013},
 isbn = {978-0-7695-4977-4},
 pages = {463--477},
 numpages = {15},
}

@inproceedings{Paillier,
 author = {Paillier, Pascal},
 title = {Public-key {C}ryptosystems {B}ased on {C}omposite {D}egree {R}esiduosity {C}lasses},
 booktitle = {Proceedings of the 17th International Conference on Theory and Application of Cryptographic Techniques},
 year = {1999},
 pages = {223--238},
 numpages = {16},
}

@inproceedings{naehrig2011can,
  title={Can {H}omomorphic {E}ncryption be {P}ractical?},
  author={Naehrig, Michael and Lauter, Kristin and Vaikuntanathan, Vinod},
  booktitle={Proceedings of the 3rd ACM workshop on Cloud computing security workshop},
  pages={113--124},
  year={2011},
}


@inproceedings{Gentry_first_lattices,
 author = {Gentry, Craig},
 title = {Fully {H}omomorphic {E}ncryption {U}sing {I}deal {L}attices},
 booktitle = {Proceedings of the Forty-first Annual ACM Symposium on Theory of Computing},
 year = {2009},
 isbn = {978-1-60558-506-2},
 pages = {169--178},
 numpages = {10},
}

@incollection{damgaard2012secure,
  title={Secure two-party computation with low communication},
  author={Damg{\aa}rd, Ivan and Faust, Sebastian and Hazay, Carmit},
  booktitle={Theory of Cryptography},
  pages={54--74},
  year={2012},
}

@incollection{ope_cryptdb,
year={2009},
booktitle={Advances in Cryptology - EUROCRYPT 2009},
title={Order-{P}reserving {S}ymmetric {E}ncryption},
author={Boldyreva, Alexandra and Chenette, Nathan and Lee, Younho and O’Neill, Adam},
pages={224-241},
}


@phdthesis{Gentry_thesis,
 author = {Gentry, Craig},
 advisor = {Boneh, Dan},
 title = {A Fully Homomorphic Encryption Scheme},
 year = {2009},
 isbn = {978-1-109-44450-6},
 publisher = {Stanford University},
}

@misc{iDASH,
  title = {Integrated {D}ata for {A}nalysis, {A}nonymization, and {SH}aring (i{DASH})},
  howpublished = {\url{https://idash.ucsd.edu/}},
  note = {Accessed: 2015-10-04}
}

@misc{apple_health,
  title = {Apple {H}ealth},
  howpublished = {\url{http://www.apple.com/researchkit/}},
  note = {Accessed: 2015-10-23}
}

@misc{microsoft_health,
  title = {Microsoft {H}ealth},
  howpublished = {\url{https://www.microsoft.com/microsoft-health/en-us}},
  note = {Accessed: 2015-10-23}
}

@misc{cryptdb_homepage,
  title = {CryptDB - MIT},
  howpublished = {\url{https://css.csail.mit.edu/cryptdb/}},
  note = {Accessed: 2015-10-23}
}

@misc{cryptdb_guidelines,
    author = {Raluca Ada Popa and Nickolai Zeldovich and Hari Balakrishnan},
    title = {Guidelines for {U}sing the {C}rypt{DB} {S}ystem {S}ecurely},
    howpublished = {Cryptology ePrint Archive, Report 2015/979},
    year = {2015},
}